<record><leader>00000cas a22000007a 4500</leader><controlfield tag="001">20371970</controlfield><controlfield tag="008">890920d19131972mouwr ne      0    0eng d</controlfield><datafield ind1=" " ind2=" " tag="010"><subfield code="a">sn 89066089 </subfield></datafield><datafield ind1=" " ind2=" " tag="040"><subfield code="a">MQN</subfield><subfield code="b">eng</subfield><subfield code="c">MQN</subfield><subfield code="d">OCLCQ</subfield></datafield><datafield ind1=" " ind2=" " tag="042"><subfield code="a">msc</subfield></datafield><datafield ind1="0" ind2="0" tag="245"><subfield code="a">White River leader.</subfield></datafield><datafield ind1=" " ind2=" " tag="260"><subfield code="a">Branson, Mo. :</subfield><subfield code="b">Quincy L. Naco,</subfield><subfield code="c">1913-1972.</subfield></datafield><datafield ind1=" " ind2=" " tag="300"><subfield code="a">v.</subfield></datafield><datafield ind1=" " ind2=" " tag="310"><subfield code="a">Weekly</subfield></datafield><datafield ind1="0" ind2=" " tag="362"><subfield code="a">Vol. 1, no. 1 (May 9, 1913)-61st year, no. 36 (Oct. 7-8, 1972).</subfield></datafield><datafield ind1=" " ind2=" " tag="515"><subfield code="a">Numbering changed from vols. to years with 56th year, no. 14 (May 13-14, 1967).</subfield></datafield><datafield ind1=" " ind2=" " tag="752"><subfield code="a">United States</subfield><subfield code="b">Missouri</subfield><subfield code="c">Taney</subfield><subfield code="d">Branson.</subfield></datafield><datafield ind1="0" ind2="0" tag="785"><subfield code="t">Beacon leader</subfield><subfield code="w">(DLC)sn 89066084</subfield></datafield></record>